@inproceedings{langley00,
 author    = {P. Langley},
 title     = {Crafting Papers on Machine Learning},
 year      = {2000},
 pages     = {1207--1216},
 editor    = {Pat Langley},
 booktitle     = {Proceedings of the 17th International Conference
              on Machine Learning (ICML 2000)},
 address   = {Stanford, CA},
 publisher = {Morgan Kaufmann}
}

@TechReport{mitchell80,
  author = 	 "T. M. Mitchell",
  title = 	 "The Need for Biases in Learning Generalizations",
  institution =  "Computer Science Department, Rutgers University",
  year = 	 "1980",
  address =	 "New Brunswick, MA",
}

@phdthesis{kearns89,
  author = {M. J. Kearns},
  title =  {Computational Complexity of Machine Learning},
  school = {Department of Computer Science, Harvard University},
  year =   {1989}
}

@Book{MachineLearningI,
  editor = 	 "R. S. Michalski and J. G. Carbonell and T.
		  M. Mitchell",
  title = 	 "Machine Learning: An Artificial Intelligence
		  Approach, Vol. I",
  publisher = 	 "Tioga",
  year = 	 "1983",
  address =	 "Palo Alto, CA"
}

@Book{DudaHart2nd,
  author =       "R. O. Duda and P. E. Hart and D. G. Stork",
  title =        "Pattern Classification",
  publisher =    "John Wiley and Sons",
  edition =      "2nd",
  year =         "2000"
}

@misc{anonymous,
  title= {Suppressed for Anonymity},
  author= {Author, N. N.},
  year= {2020}
}

@InCollection{Newell81,
  author =       "A. Newell and P. S. Rosenbloom",
  title =        "Mechanisms of Skill Acquisition and the Law of
                  Practice", 
  booktitle =    "Cognitive Skills and Their Acquisition",
  pages =        "1--51",
  publisher =    "Lawrence Erlbaum Associates, Inc.",
  year =         "1981",
  editor =       "J. R. Anderson",
  chapter =      "1",
  address =      "Hillsdale, NJ"
}


@Article{Samuel59,
  author = 	 "A. L. Samuel",
  title = 	 "Some Studies in Machine Learning Using the Game of
		  Checkers",
  journal =	 "IBM Journal of Research and Development",
  year =	 "1959",
  volume =	 "3",
  number =	 "3",
  pages =	 "211--229"
}

@online{AI-compute18,
author={OpenAI},
title={{AI} and Compute},
year={2018},
url={https://openai.com/blog/ai-and-compute/},
note={accessed: 2021-01-16},
}

@online{heilmeier,
author={{DARPA}},
title={The {Heilmeier} Catechism},
url={https://www.darpa.mil/work-with-us/heilmeier-catechism}, 
note={accessed: 2021-01-16},
}
@article{1,
  title={Grand challenges in weed management},
  author={Chauhan, Bhagirath Singh},
  journal={Frontiers in Agronomy},
  volume={1},
  pages={3},
  year={2020},
  publisher={Frontiers}
}
@article{2,
  title={Using phenology prediction in weed management: a review},
  author={Ghersa, CM and Holt, JS},
  journal={Weed research},
  volume={35},
  number={6},
  pages={461--470},
  year={1995},
  publisher={Wiley Online Library}
}
@article{3,
  title={Deep Neural Networks to Detect Weeds from Crops in Agricultural Environments in Real-Time: A Review},
  author={Rakhmatuiln, Ildar and Kamilaris, Andreas and Andreasen, Christian},
  journal={Remote Sensing},
  volume={13},
  number={21},
  pages={4486},
  year={2021},
  publisher={Multidisciplinary Digital Publishing Institute}
}
@article{4,
  title={Update on the environmental and economic costs associated with alien-invasive species in the United States},
  author={Pimentel, David and Zuniga, Rodolfo and Morrison, Doug},
  journal={Ecological economics},
  volume={52},
  number={3},
  pages={273--288},
  year={2005},
  publisher={Elsevier}
}
@inproceedings{rotten1,
  title={Rotten Fruit Detection Using a One Stage Object Detector},
  author={Perez-Daniel, Karina and Fierro-Radilla, A and Pe{\~n}aloza-Cobos, JP},
  booktitle={Mexican International Conference on Artificial Intelligence},
  pages={325--336},
  year={2020},
  organization={Springer}
}
@article{rotten2,
  title={A dataset for improved rgbd-based object detection and pose estimation for warehouse pick-and-place},
  author={Rennie, Colin and Shome, Rahul and Bekris, Kostas E and De Souza, Alberto F},
  journal={IEEE Robotics and Automation Letters},
  volume={1},
  number={2},
  pages={1179--1185},
  year={2016},
  publisher={IEEE}
}
@article{rotten3,
  title={Automatic fruit classification using deep learning for industrial applications},
  author={Hossain, M Shamim and Al-Hammadi, Muneer and Muhammad, Ghulam},
  journal={IEEE Transactions on Industrial Informatics},
  volume={15},
  number={2},
  pages={1027--1034},
  year={2018},
  publisher={IEEE}
}
@article{hasan2021survey,
  title={A survey of deep learning techniques for weed detection from images},
  author={Hasan, ASM Mahmudul and Sohel, Ferdous and Diepeveen, Dean and Laga, Hamid and Jones, Michael GK},
  journal={Computers and Electronics in Agriculture},
  volume={184},
  pages={106067},
  year={2021},
  publisher={Elsevier}
}
@misc{kaggle,
  title = {{Weed Detection in Soybean Crops}},
  howpublished = {\url{https://www.kaggle.com/fpeccia/weed-detection-in-soybean-crops/activity}},
  note = {Accessed: 2012-11-12}
}
@inproceedings{szegedy2016rethinking,
  title={Rethinking the inception architecture for computer vision},
  author={Szegedy, Christian and Vanhoucke, Vincent and Ioffe, Sergey and Shlens, Jon and Wojna, Zbigniew},
  booktitle={Proceedings of the IEEE conference on computer vision and pattern recognition},
  pages={2818--2826},
  year={2016}
}
@misc{ResnetArchi,
  title = {{Deep Residual Networks - ResNet50}},
  howpublished = {\url{https://viso.ai/deep-learning/resnet-residual-neural-network/}},
  note = {Accessed: 2022-01-14}
}